<?xml version="1.0" encoding="utf-8"?>
<record xmlns="http://www.loc.gov/MARC21/slim" xmlns:xsi="http://www.w3.org/2001/XMLSchema-instance" xsi:schemaLocation="http://www.loc.gov/MARC21/slim http://www.loc.gov/standards/marcxml/schema/MARC21slim.xsd">
	<leader>     nam a22     Mi 4500</leader>
	<controlfield tag="001">1627650</controlfield>
	<controlfield tag="003">NNC</controlfield>
	<controlfield tag="006">m        d        </controlfield>
	<controlfield tag="007">cr cn |||m|||a</controlfield>
	<controlfield tag="008">190409s1952    ua a    ob    001 0 ara d</controlfield>
	<datafield ind1=" " ind2=" " tag="040">
		<subfield code="a">ZYU</subfield>
		<subfield code="b">ara</subfield>
		<subfield code="e">rda</subfield>
		<subfield code="c">ZYU</subfield>
	</datafield>
	<datafield ind1=" " ind2=" " tag="043">
		<subfield code="a">e-sp---</subfield>
	</datafield>
	<datafield ind1=" " ind2="4" tag="050">
		<subfield code="a">DP103.7</subfield>
		<subfield code="b">.H8 1952</subfield>
	</datafield>
	<datafield ind1="1" ind2=" " tag="100">
		<subfield code="6">880-01</subfield>
		<subfield code="a">Ḥumaydī, Muḥammad ibn Fattūḥ,</subfield>
		<subfield code="d">-1095.</subfield>
	</datafield>
	<datafield ind1="1" ind2="0" tag="245">
		<subfield code="6">880-02</subfield>
		<subfield code="a">Jadhwat al-muqtabis fī dhikr wulāt al-Andalus wa-asmāʼ ruwāt al-ḥadīth wa-ahl al-fiqh, wa-al-adab /</subfield>
		<subfield code="c">taʼlīf Abī ʻAbd Allāh Muḥammad ibn Fattūḥ ibn ʻAbd Allāh al-Ḥumaydī ; kataba taqdimatahu Muḥammad Zāhid ibn al-Ḥusayn al-Kawtharī ; qāma bi-taṣḥīḥihi wa- taḥqīqihi Muḥammad ibn Tāwīt al-Ṭanjī.</subfield>
	</datafield>
	<datafield ind1=" " ind2=" " tag="260">
		<subfield code="6">880-03</subfield>
		<subfield code="a">al-Qāhirah :</subfield>
		<subfield code="b">Maktab Nashr al-Thaqāfah al-Islāmīyah,</subfield>
		<subfield code="c">[1952]</subfield>
	</datafield>
	<datafield ind1=" " ind2=" " tag="300">
		<subfield code="a">online resource (447 pages) :</subfield>
		<subfield code="b">illustrations</subfield>
	</datafield>
	<datafield ind1=" " ind2=" " tag="336">
		<subfield code="a">text</subfield>
		<subfield code="2">rdacontent</subfield>
	</datafield>
	<datafield ind1=" " ind2=" " tag="337">
		<subfield code="a">computer</subfield>
		<subfield code="2">rdamedia</subfield>
	</datafield>
	<datafield ind1=" " ind2=" " tag="338">
		<subfield code="a">online resource</subfield>
		<subfield code="2">rdacarrier</subfield>
	</datafield>
	<datafield ind1="0" ind2=" " tag="490">
		<subfield code="a">Min turāth al-Andalus ;</subfield>
		<subfield code="v">1</subfield>
	</datafield>
	<datafield ind1=" " ind2=" " tag="500">
		<subfield code="a">Part of the Arabic Collections Online (ACO) project, contributed by Columbia University Libraries.</subfield>
	</datafield>
	<datafield ind1=" " ind2=" " tag="504">
		<subfield code="a">Includes bibliographical references and indexes.</subfield>
	</datafield>
	<datafield ind1=" " ind2=" " tag="533">
		<subfield code="a">Electronic reproduction.</subfield>
		<subfield code="b">New York, N.Y. :</subfield>
		<subfield code="c">New York University,</subfield>
		<subfield code="d">2019.</subfield>
		<subfield code="5">NNU</subfield>
	</datafield>
	<datafield ind1=" " ind2="0" tag="651">
		<subfield code="a">Spain</subfield>
		<subfield code="x">Kings and rulers</subfield>
		<subfield code="v">Biography.</subfield>
	</datafield>
	<datafield ind1=" " ind2="0" tag="650">
		<subfield code="a">Arabs</subfield>
		<subfield code="z">Spain</subfield>
		<subfield code="v">Biography.</subfield>
	</datafield>
	<datafield ind1=" " ind2="7" tag="650">
		<subfield code="a">Arabs.</subfield>
		<subfield code="2">fast</subfield>
		<subfield code="0">(OCoLC)fst00812576</subfield>
	</datafield>
	<datafield ind1=" " ind2="7" tag="650">
		<subfield code="a">Kings and rulers.</subfield>
		<subfield code="2">fast</subfield>
		<subfield code="0">(OCoLC)fst00987694</subfield>
	</datafield>
	<datafield ind1=" " ind2="7" tag="651">
		<subfield code="a">Spain.</subfield>
		<subfield code="2">fast</subfield>
		<subfield code="0">(OCoLC)fst01204303</subfield>
	</datafield>
	<datafield ind1=" " ind2="7" tag="655">
		<subfield code="a">Biography.</subfield>
		<subfield code="2">fast</subfield>
		<subfield code="0">(OCoLC)fst01423686</subfield>
	</datafield>
	<datafield ind1="2" ind2=" " tag="710">
		<subfield code="a">Columbia University.</subfield>
		<subfield code="b">Libraries.</subfield>
	</datafield>
	<datafield ind1="0" ind2=" " tag="730">
		<subfield code="a">Arabic Collections Online.</subfield>
	</datafield>
	<datafield ind1="0" ind2="8" tag="776">
		<subfield code="i">Online version:</subfield>
		<subfield code="a">Ḥumaydī, Muḥammad ibn Fattūḥ, -1095.</subfield>
		<subfield code="t">Jadhwat al-muqtabis fī dhikr wulāt al-Andalus wa-asmāʼ ruwāt al-ḥadīth wa-ahl al-fiqh, wa-al-adab.</subfield>
		<subfield code="d">al-Qāhirah : Maktab Nashr al-Thaqāfah al-Islāmīyah, [1952]</subfield>
		<subfield code="w">(OCoLC)609443428</subfield>
	</datafield>
	<datafield ind1="0" ind2="8" tag="776">
		<subfield code="i">Print version:</subfield>
		<subfield code="a">Ḥumaydī, Muḥammad ibn Fattūḥ, -1095.</subfield>
		<subfield code="t">Jadhwat al-muqtabis fī dhikr wulāt al-Andalus wa-asmāʼ ruwāt al-ḥadīth wa-ahl al-fiqh, wa-al-adab</subfield>
		<subfield code="w">(NNC)1627650</subfield>
		<subfield code="w">(OCoLC)26883145</subfield>
	</datafield>
	<datafield ind1="4" ind2="0" tag="856">
		<subfield code="u">http://hdl.handle.net/2333.1/8kprrd7h</subfield>
	</datafield>
	<datafield ind1="1" ind2=" " tag="880">
		<subfield code="6">100-01</subfield>
		<subfield code="a">حميدي، محمد بن فتوح.</subfield>
	</datafield>
	<datafield ind1="1" ind2="0" tag="880">
		<subfield code="6">240-00</subfield>
		<subfield code="a">جذوة المقتبس في تاريخ علماء الأندلس</subfield>
	</datafield>
	<datafield ind1="1" ind2="0" tag="880">
		<subfield code="6">245-02</subfield>
		<subfield code="a">جذوة المقتبس في ذكر ولاة الأندلس وأسماء رواة الحديث وأهل الفقه، والأدب ... /</subfield>
		<subfield code="c">تأليف أبي عبد الله محمد بن فتوح بن عبد الله الحميدي ؛ كتب تقدمته محمد زاهد بن الحسين الكوثري ؛ قام بتصحيحه وتقديمه محمد بن تاويت الطنجي.</subfield>
	</datafield>
	<datafield ind1=" " ind2=" " tag="880">
		<subfield code="6">260-03</subfield>
		<subfield code="a">القاهرة :</subfield>
		<subfield code="b">مكتب نشر الثقافة الإسلامية،</subfield>
		<subfield code="c">[1952]</subfield>
	</datafield>
	<datafield ind1="1" ind2=" " tag="880">
		<subfield code="6">490-00</subfield>
		<subfield code="a">من تراث الاندلس ؛</subfield>
		<subfield code="v">1</subfield>
	</datafield>
	<datafield ind1="0" ind2=" " tag="880">
		<subfield code="6">740-00</subfield>
		<subfield code="a">جذوة المقتبس في تاريخ علماء الأندلس.</subfield>
	</datafield>
	<datafield ind1=" " ind2="0" tag="880">
		<subfield code="6">830-00</subfield>
		<subfield code="a">من تراث الاندلس ؛ ;</subfield>
		<subfield code="v">1.</subfield>
	</datafield>
	<datafield ind1=" " ind2=" " tag="959">
		<subfield code="a">NNU</subfield>
		<subfield code="b">WEB</subfield>
		<subfield code="c">GENI</subfield>
		<subfield code="t">0</subfield>
		<subfield code="m">Electronic access</subfield>
		<subfield code="s">01</subfield>
	</datafield>
	<datafield ind1=" " ind2=" " tag="999">
		<subfield code="i">NNC_1627650</subfield>
		<subfield code="o">(OCoLC)ocm26883145 </subfield>
		<subfield code="s">columbia_aco004016</subfield>
		<subfield code="e">(ERROR-880)(ERROR-SERIES)</subfield>
	</datafield>
</record>
